
% Journals

% First the Full Name is given, then the abbreviation used in the AMS Math
% Reviews, with an indication if it could not be found there.
% Note the 2nd overwrites the 1st, so swap them if you want the full name.

@article{2004Finding,
  title={Finding and Evaluating Community Structure in Networks},
  author={ Newman, Mej  and  Girvan, M. },
  journal={Physical Review E},
  volume={69},
  number={2 Pt 2},
  pages={026113},
  year={2004},
}

@article{2009Community,
  title={Community Detection in Graphs},
  author={ Fortunato, S. },
  journal={Physics Reports},
  volume={486},
  number={3-5},
  year={2009},
}

@article{twint,
author = {opensource},
title = {Twitter Intelligence Tool},
year = {2018},
issue_date = {October 2018},
url = {https://github.com/twintproject/twint},
}

@article{LDA,
  author = {Blei, David M. and Ng, Andrew Y. and Jordan, Michael I.},
  biburl = {https://www.bibsonomy.org/bibtex/2bc34cc810fa7dfa12b949b60c23d9f5c/zhenzhenx},
  description = {Latent dirichlet allocation},
  doi = {http://dx.doi.org/10.1162/jmlr.2003.3.4-5.993},
  interhash = {9d1b808272b9e511425cbf557571e59a},
  intrahash = {bc34cc810fa7dfa12b949b60c23d9f5c},
  issn = {1532-4435},
  journal = {J. Mach. Learn. Res.},
  keywords = {LDA allocation dirichlet latent},
  pages = {993--1022},
  publisher = {JMLR.org},
  timestamp = {2010-06-16T11:05:42.000+0200},
  title = {Latent dirichlet allocation},
  url = {http://portal.acm.org/citation.cfm?id=944937},
  volume = 3,
  year = 2003
}

@article{2015Quantifying,
  title={Quantifying Controversy in Social Media},
  author={ Garimella, K.  and  Morales, Gdf  and  Gionis, A.  and  Mathioudakis, M. },
  journal={Computer Science},
  volume={1},
  number={51},
  year={2015},
}

@article{villa2021echo,
  title={Echo chamber detection and analysis},
  author={Villa, Giacomo and Pasi, Gabriella and Viviani, Marco},
  journal={Social Network Analysis and Mining},
  volume={11},
  number={1},
  pages={1--17},
  year={2021},
  publisher={Springer}
}

@article{choi2020rumor,
  title={Rumor propagation is amplified by echo chambers in social media},
  author={Choi, Daejin and Chun, Selin and Oh, Hyunchul and Han, Jinyoung and Kwon, Ted and others},
  journal={Scientific reports},
  volume={10},
  number={1},
  pages={1--10},
  year={2020},
  publisher={Nature Publishing Group}
}

@article{chamberbreaker,
author = {Jeon, Youngseung and Kim, Bogoan and Xiong, Aiping and LEE, DONGWON and Han, Kyungsik},
title = {ChamberBreaker: Mitigating the Echo Chamber Effect and Supporting Information Hygiene through a Gamified Inoculation System},
year = {2021},
issue_date = {October 2021},
publisher = {Association for Computing Machinery},
address = {New York, NY, USA},
volume = {5},
number = {CSCW2},
url = {https://doi-org.libproxy1.nus.edu.sg/10.1145/3479859},
doi = {10.1145/3479859},
}

@article{getoutofec,
author = {Christopher Seneca},
title = {How to Break Out of Your Social Media Echo Chamber},
year = {2020},
issue_date = {September 2020},
url = {https://www.wired.com/story/facebook-twitter-echo-chamber-confirmation-bias/},
}

@Inbook{tfidf,
editor="Sammut, Claude
and Webb, Geoffrey I.",
title="TF--IDF",
bookTitle="Encyclopedia of Machine Learning",
year="2010",
publisher="Springer US",
address="Boston, MA",
pages="986--987",
isbn="978-0-387-30164-8",
doi="10.1007/978-0-387-30164-8_832",
url="https://doi.org/10.1007/978-0-387-30164-8_832"
}

@article{textblob,
  title={textblob Documentation},
  author={Loria, Steven},
  journal={Release 0.15},
  volume={2},
  year={2018}
}

@Inbook{stemming,
author="Paice, Chris D.",
editor="LIU, LING
and {\"O}ZSU, M. TAMER",
title="Stemming",
bookTitle="Encyclopedia of Database Systems",
year="2009",
publisher="Springer US",
address="Boston, MA",
pages="2790--2793",
isbn="978-0-387-39940-9",
doi="10.1007/978-0-387-39940-9_942",
url="https://doi.org/10.1007/978-0-387-39940-9_942"
}

@article{datapre,
author = {Raghav Agrawal},
title = {Must Known Techniques for text preprocessing in NLP},
year = {2021},
issue_date = {June 2021},
url = {https://www.analyticsvidhya.com/blog/2021/06/must-known-techniques-for-text-preprocessing-in-nlp/},
}

@inproceedings{topicmodeling,
author = {Wallach, Hanna M.},
title = {Topic Modeling: Beyond Bag-of-Words},
year = {2006},
isbn = {1595933832},
publisher = {Association for Computing Machinery},
address = {New York, NY, USA},
url = {https://doi.org/10.1145/1143844.1143967},
doi = {10.1145/1143844.1143967},
}

@article{vader,
author = {ankthon},
title = {Sentiment Analysis using VADER},
year = {2021},
issue_date = {October 2021},
url = {https://www.geeksforgeeks.org/python-sentiment-analysis-using-vader/},
}



